@book{fazekas1999lecture,
  title={Lecture notes on electron correlation and magnetism},
  author={Fazekas, Patrik},
  volume={5},
  year={1999},
  publisher={World scientific}
}

@book{tasaki2020physics,
  title={Physics and mathematics of quantum many-body systems},
  author={Tasaki, Hal},
  year={2020},
  publisher={Springer Nature}
}

@article{nagaoka1966ferromagnetism,
  title={Ferromagnetism in a narrow, almost half-filled s band},
  author={Nagaoka, Yosuke},
  journal={Physical Review},
  volume={147},
  number={1},
  pages={392},
  year={1966},
  publisher={APS}
}

@article{tasaki1989extension,
  title={Extension of Nagaoka’s theorem on the large-U Hubbard model},
  author={Tasaki, Hal},
  journal={Physical Review B},
  volume={40},
  number={13},
  pages={9192},
  year={1989},
  publisher={APS}
}

@article{baskaran1993resonating,
  title={The resonating valence bond state and high-Tc superconductivity—a mean field theory},
  author={Baskaran, G and Zou, Z and Anderson, PW},
  journal={Solid state communications},
  volume={88},
  number={11-12},
  pages={853--856},
  year={1993},
  publisher={Elsevier}
}

@article{kotliar1988resonating,
  title={Resonating valence bonds and d-wave superconductivity},
  author={Kotliar, Gabriel},
  journal={Physical Review B},
  volume={37},
  number={7},
  pages={3664},
  year={1988},
  publisher={APS}
}

@inproceedings{sandvik2010computational,
  title={Computational studies of quantum spin systems},
  author={Sandvik, Anders W},
  booktitle={AIP Conference Proceedings},
  volume={1297},
  number={1},
  pages={135--338},
  year={2010},
  organization={American Institute of Physics}
}

@book{auerbach2012interacting,
  title={Interacting electrons and quantum magnetism},
  author={Auerbach, Assa},
  year={2012},
  publisher={Springer Science \& Business Media}
}

@incollection{affleck2004rigorous,
  title={Rigorous results on valence-bond ground states in antiferromagnets},
  author={Affleck, Ian and Kennedy, Tom and Lieb, Elliott H and Tasaki, Hal},
  booktitle={Condensed Matter Physics and Exactly Soluble Models},
  pages={249--252},
  year={2004},
  publisher={Springer}
}

@article{sutherland1988systems,
  title={Systems with resonating-valence-bond ground states: Correlations and excitations},
  author={Sutherland, Bill},
  journal={Physical Review B},
  volume={37},
  number={7},
  pages={3786},
  year={1988},
  publisher={APS}
}

@book{landau2021guide,
  title={A guide to Monte Carlo simulations in statistical physics},
  author={Landau, David and Binder, Kurt},
  year={2021},
  publisher={Cambridge university press}
}

@misc{troyer2004classical,
  title={Classical and quantum monte carlo algorithms and exact diagonalization},
  author={Troyer, Matthias},
  year={2004}
}

@article{kitaev2006anyons,
  title={Anyons in an exactly solved model and beyond},
  author={Kitaev, Alexei},
  journal={Annals of Physics},
  volume={321},
  number={1},
  pages={2--111},
  year={2006},
  publisher={Elsevier}
}

@article{trugman1985exact,
  title={Exact results for the fractional quantum Hall effect with general interactions},
  author={Trugman, SA and Kivelson, S},
  journal={Physical Review B},
  volume={31},
  number={8},
  pages={5280},
  year={1985},
  publisher={APS}
}

@book{jain2007composite,
  title={Composite fermions},
  author={Jain, Jainendra K},
  year={2007},
  publisher={Cambridge University Press}
}

@article{laughlin1983anomalous,
  title={Anomalous quantum Hall effect: an incompressible quantum fluid with fractionally charged excitations},
  author={Laughlin, Robert B},
  journal={Physical Review Letters},
  volume={50},
  number={18},
  pages={1395},
  year={1983},
  publisher={APS}
}

@article{fano1986configuration,
  title={Configuration-interaction calculations on the fractional quantum Hall effect},
  author={Fano, G and Ortolani, F and Colombo, E},
  journal={Physical Review B},
  volume={34},
  number={4},
  pages={2670},
  year={1986},
  publisher={APS}
}

@article{haldane1985finite,
  title={Finite-size studies of the incompressible state of the fractionally quantized Hall effect and its excitations},
  author={Haldane, F Duncan M and Rezayi, Edward H},
  journal={Physical review letters},
  volume={54},
  number={3},
  pages={237},
  year={1985},
  publisher={APS}
}

@article{haldane1983fractional,
  title={Fractional quantization of the Hall effect: a hierarchy of incompressible quantum fluid states},
  author={Haldane, F Duncan M},
  journal={Physical Review Letters},
  volume={51},
  number={7},
  pages={605},
  year={1983},
  publisher={APS}
}

@article{greiter2011landau,
  title={Landau level quantization on the sphere},
  author={Greiter, Martin},
  journal={Physical Review B},
  volume={83},
  number={11},
  pages={115129},
  year={2011},
  publisher={APS}
}

@article{tong2016lectures,
  title={Lectures on the quantum Hall effect},
  author={Tong, David},
  journal={arXiv preprint arXiv:1606.06687},
  year={2016}
}

@article{simon2007pseudopotentials,
  title={Pseudopotentials for multiparticle interactions in the quantum Hall regime},
  author={Simon, Steven H and Rezayi, EH and Cooper, Nigel R},
  journal={Physical Review B},
  volume={75},
  number={19},
  pages={195306},
  year={2007},
  publisher={APS}
}

@article{yang2017generalized,
  title={Generalized pseudopotentials for the anisotropic fractional quantum hall effect},
  author={Yang, Bo and Hu, Zi-Xiang and Lee, Ching Hua and Papi{\'c}, Zlatko},
  journal={Physical review letters},
  volume={118},
  number={14},
  pages={146403},
  year={2017},
  publisher={APS}
}

@article{corboz2010simulation,
  title={Simulation of strongly correlated fermions in two spatial dimensions with fermionic projected entangled-pair states},
  author={Corboz, Philippe and Or{\'u}s, Rom{\'a}n and Bauer, Bela and Vidal, Guifr{\'e}},
  journal={Physical Review B},
  volume={81},
  number={16},
  pages={165104},
  year={2010},
  publisher={APS}
}

@article{jiang2008accurate,
  title={Accurate determination of tensor network state of quantum lattice models in two dimensions},
  author={Jiang, Hong-Chen and Weng, Zheng-Yu and Xiang, Tao},
  journal={Physical review letters},
  volume={101},
  number={9},
  pages={090603},
  year={2008},
  publisher={APS}
}

@article{phien2015infinite,
  title={Infinite projected entangled pair states algorithm improved: Fast full update and gauge fixing},
  author={Phien, Ho N and Bengua, Johann A and Tuan, Hoang D and Corboz, Philippe and Or{\'u}s, Rom{\'a}n},
  journal={Physical Review B},
  volume={92},
  number={3},
  pages={035142},
  year={2015},
  publisher={APS}
}

@article{schollwock2011density,
  title={The density-matrix renormalization group in the age of matrix product states},
  author={Schollw{\"o}ck, Ulrich},
  journal={Annals of physics},
  volume={326},
  number={1},
  pages={96--192},
  year={2011},
  publisher={Elsevier}
}

@article{orus2014practical,
  title={A practical introduction to tensor networks: Matrix product states and projected entangled pair states},
  author={Or{\'u}s, Rom{\'a}n},
  journal={Annals of Physics},
  volume={349},
  pages={117--158},
  year={2014},
  publisher={Elsevier}
}

@article{li2012efficient,
  title={Efficient simulation of infinite tree tensor network states on the Bethe lattice},
  author={Li, Wei and von Delft, Jan and Xiang, Tao},
  journal={Physical Review B},
  volume={86},
  number={19},
  pages={195137},
  year={2012},
  publisher={APS}
}

@article{bruognolo2021beginner,
  title={A beginner's guide to non-abelian iPEPS for correlated fermions},
  author={Bruognolo, Benedikt and Li, Jheng-Wei and von Delft, Jan and Weichselbaum, Andreas},
  journal={SciPost Physics Lecture Notes},
  pages={025},
  year={2021},
  publisher={Stichting SciPost}
}

@article{jordan2008classical,
  title={Classical simulation of infinite-size quantum lattice systems in two spatial dimensions},
  author={Jordan, Jacob and Or{\'u}s, Roman and Vidal, Guifre and Verstraete, Frank and Cirac, J Ignacio},
  journal={Physical review letters},
  volume={101},
  number={25},
  pages={250602},
  year={2008},
  publisher={APS}
}

@article{orus2009simulation,
  title={Simulation of two-dimensional quantum systems on an infinite lattice revisited: Corner transfer matrix for tensor contraction},
  author={Or{\'u}s, Rom{\'a}n and Vidal, Guifr{\'e}},
  journal={Physical Review B},
  volume={80},
  number={9},
  pages={094403},
  year={2009},
  publisher={APS}
}
